<record><leader>00000cas a22000007a 4500</leader><controlfield tag="001">16406165</controlfield><controlfield tag="008">870807d18631865pauwr ne      0    0eng d</controlfield><datafield ind1=" " ind2=" " tag="010"><subfield code="a">sn 87080486 </subfield></datafield><datafield ind1=" " ind2=" " tag="040"><subfield code="a">NPH</subfield><subfield code="b">eng</subfield><subfield code="c">NPH</subfield><subfield code="d">OCLCQ</subfield></datafield><datafield ind1=" " ind2=" " tag="042"><subfield code="a">msc</subfield></datafield><datafield ind1="0" ind2="4" tag="245"><subfield code="a">The Hawley free press.</subfield></datafield><datafield ind1=" " ind2=" " tag="260"><subfield code="a">Hawley, Pa. :</subfield><subfield code="b">Jacob Smethers</subfield></datafield><datafield ind1=" " ind2=" " tag="300"><subfield code="a">v. ;</subfield><subfield code="c">63 cm.</subfield></datafield><datafield ind1=" " ind2=" " tag="310"><subfield code="a">Weekly</subfield></datafield><datafield ind1="1" ind2=" " tag="362"><subfield code="a">Began with Sept. 4, 1863 issue; ceased in 1865.</subfield></datafield><datafield ind1=" " ind2=" " tag="500"><subfield code="a">Published every Friday.</subfield></datafield><datafield ind1=" " ind2=" " tag="500"><subfield code="a">Publisher: Frank A. Dony, &lt;1865&gt;.</subfield></datafield><datafield ind1=" " ind2=" " tag="588"><subfield code="a">Description based on: Vol. 1, no. 15 (Dec. 11, 1863).</subfield></datafield><datafield ind1=" " ind2=" " tag="752"><subfield code="a">United States</subfield><subfield code="b">Pennsylvania</subfield><subfield code="c">Wayne</subfield><subfield code="d">Hawley.</subfield></datafield><datafield ind1="0" ind2="0" tag="785"><subfield code="t">Free press (Hawley, Pa.)</subfield><subfield code="w">(DLC)sn 87080487</subfield></datafield></record>